<?xml version="1.0" encoding="UTF-8"?>
<record xmlns="http://www.loc.gov/MARC21/slim"
        xmlns:oclcterms="http://purl.org/oclc/terms/"
        xmlns:dc="http://purl.org/dc/elements/1.1/"
        xmlns:diag="http://www.loc.gov/zing/srw/diagnostic/"
        xmlns:xsi="http://www.w3.org/2001/XMLSchema-instance">
   <leader>00000cam a2200000Ia 4500</leader>
   <controlfield tag="001">33487407</controlfield>
   <controlfield tag="008">951116s1995 coua s f000 0 eng </controlfield>
   <datafield ind1=" " ind2=" " tag="040">
      <subfield code="a">AGL</subfield>
      <subfield code="b">eng</subfield>
      <subfield code="c">AGL</subfield>
      <subfield code="d">OCL</subfield>
      <subfield code="d">OCLCQ</subfield>
      <subfield code="d">OCLCO</subfield>
      <subfield code="d">OCLCQ</subfield>
      <subfield code="d">COF</subfield>
      <subfield code="d">OCLCF</subfield>
   </datafield>
   <datafield ind1=" " ind2=" " tag="043">
      <subfield code="a">n-us---</subfield>
   </datafield>
   <datafield ind1="0" ind2=" " tag="070">
      <subfield code="a">aSF971.T742</subfield>
      <subfield code="b">1995</subfield>
   </datafield>
   <datafield ind1=" " ind2="0" tag="072">
      <subfield code="a">L810</subfield>
   </datafield>
   <datafield ind1="0" ind2=" " tag="086">
      <subfield code="a">A 101.2/2:V 13/2</subfield>
   </datafield>
   <datafield ind1="0" ind2="0" tag="245">
      <subfield code="a">Trends in vaccination practices on U.S. swine operations /</subfield>
      <subfield code="c">National Animal Health Monitoring System.</subfield>
   </datafield>
   <datafield ind1=" " ind2=" " tag="260">
      <subfield code="a">Fort Collins, Colo. :</subfield>
      <subfield code="b">U.S. Dept. of Agriculture, Animal and Plant Health Inspection
              Service, Veterinary Services,</subfield>
      <subfield code="c">[1995]</subfield>
   </datafield>
   <datafield ind1=" " ind2=" " tag="300">
      <subfield code="a">1 sheet :</subfield>
      <subfield code="b">illustrations ;</subfield>
      <subfield code="c">28 x 22 cm</subfield>
   </datafield>
   <datafield ind1=" " ind2=" " tag="336">
      <subfield code="a">text</subfield>
      <subfield code="b">txt</subfield>
      <subfield code="2">rdacontent</subfield>
   </datafield>
   <datafield ind1=" " ind2=" " tag="337">
      <subfield code="a">unmediated</subfield>
      <subfield code="b">n</subfield>
      <subfield code="2">rdamedia</subfield>
   </datafield>
   <datafield ind1=" " ind2=" " tag="338">
      <subfield code="a">sheet</subfield>
      <subfield code="b">nb</subfield>
      <subfield code="2">rdacarrier</subfield>
   </datafield>
   <datafield ind1=" " ind2=" " tag="500">
      <subfield code="a">Caption title.</subfield>
   </datafield>
   <datafield ind1=" " ind2=" " tag="500">
      <subfield code="a">"October 1995"--Page [1].</subfield>
   </datafield>
   <datafield ind1=" " ind2=" " tag="500">
      <subfield code="a">"N184.995"--Page [2].</subfield>
   </datafield>
   <datafield ind1=" " ind2="0" tag="650">
      <subfield code="a">Swine</subfield>
      <subfield code="x">Vaccination</subfield>
      <subfield code="z">United States</subfield>
      <subfield code="v">Statistics.</subfield>
   </datafield>
   <datafield ind1=" " ind2="0" tag="650">
      <subfield code="a">Swine</subfield>
      <subfield code="x">Diseases</subfield>
      <subfield code="z">United States</subfield>
      <subfield code="x">Epidemiology.</subfield>
   </datafield>
   <datafield ind1=" " ind2="7" tag="651">
      <subfield code="a">United States.</subfield>
      <subfield code="2">fast</subfield>
      <subfield code="0">(OCoLC)fst01204155</subfield>
   </datafield>
   <datafield ind1=" " ind2="7" tag="655">
      <subfield code="a">Statistics.</subfield>
      <subfield code="2">fast</subfield>
      <subfield code="0">(OCoLC)fst01423727</subfield>
   </datafield>
   <datafield ind1="2" ind2=" " tag="710">
      <subfield code="a">National Animal Health Monitoring System (U.S.)</subfield>
   </datafield>
</record>
